@misc{ wiki:xxx,
   author = "Wikipedie",
   title = "Gioacchino Rossini --- Wikipedie: Otevřená encyklopedie",
   year = "2022",
   url = "https://cs.wikipedia.org/w/index.php?title=Gioacchino_Rossini&oldid=20992974",
   note = "\citedate{5. 03. 2022}",
   howpublished = "[Online]"
 }

"Whisk" (https://skfb.ly/6WUWB) by Unknown_user999 is licensed under Creative Commons Attribution (http://creativecommons.org/licenses/by/4.0/).
